<?xml version="1.0" encoding="UTF-8"?><record xmlns="http://www.loc.gov/MARC21/slim" xmlns:cinclude="http://apache.org/cocoon/include/1.0" xmlns:zs="http://www.loc.gov/zing/srw/">
  <leader>00471nz  a2200145n  4500</leader>
  <controlfield tag="001">no2011063974</controlfield>
  <controlfield tag="003">DLC</controlfield>
  <controlfield tag="005">20110423075355.0</controlfield>
  <controlfield tag="008">110421n| acannaabn          |a ana     c</controlfield>
  <datafield tag="010" ind1=" " ind2=" ">
    <subfield code="a">no2011063974</subfield>
  </datafield>
  <datafield tag="035" ind1=" " ind2=" ">
    <subfield code="a">(OCoLC)oca08836400</subfield>
  </datafield>
  <datafield tag="040" ind1=" " ind2=" ">
    <subfield code="a">OrU</subfield>
    <subfield code="b">eng</subfield>
    <subfield code="c">OrU</subfield>
  </datafield>
  <datafield tag="110" ind1="2" ind2=" ">
    <subfield code="a">Salem Convention &amp; Visitors Association (Salem, Or.)</subfield>
  </datafield>
  <datafield tag="410" ind1="2" ind2=" ">
    <subfield code="a">Salem Convention and Visitors Association (Salem, Or.)</subfield>
  </datafield>
  <datafield tag="670" ind1=" " ind2=" ">
    <subfield code="a">Salem city map, 1997?:</subfield>
    <subfield code="b">panel (Salem Convention &amp; Visitors Association)</subfield>
  </datafield>
</record>